<record><leader>00000cas a2200000 a 4500</leader><controlfield tag="001">10364585</controlfield><controlfield tag="007">hd afv---baca</controlfield><controlfield tag="008">840201d18301836nyuwr nea     0    0eng d</controlfield><datafield ind1=" " ind2=" " tag="010"><subfield code="a">sf 89091897 </subfield></datafield><datafield ind1=" " ind2=" " tag="040"><subfield code="a">PES</subfield><subfield code="b">eng</subfield><subfield code="c">PES</subfield><subfield code="d">DLC</subfield><subfield code="d">FUG</subfield><subfield code="d">OCL</subfield><subfield code="d">OCLCQ</subfield><subfield code="d">OCLCF</subfield><subfield code="d">OCLCO</subfield></datafield><datafield ind1="1" ind2=" " tag="029"><subfield code="a">AU@</subfield><subfield code="b">000020128799</subfield></datafield><datafield ind1=" " ind2=" " tag="042"><subfield code="a">msc</subfield></datafield><datafield ind1=" " ind2=" " tag="043"><subfield code="a">n-us-ny</subfield></datafield><datafield ind1="0" ind2="0" tag="050"><subfield code="a">Microfilm 01104 no. 581-582 AP</subfield></datafield><datafield ind1=" " ind2=" " tag="092"><subfield code="a">051</subfield><subfield code="b">A51p2</subfield></datafield><datafield ind1="0" ind2=" " tag="130"><subfield code="a">Working man's advocate (New York, N.Y. : 1830)</subfield></datafield><datafield ind1="0" ind2="0" tag="245"><subfield code="a">Working man's advocate</subfield><subfield code="h">[microform].</subfield></datafield><datafield ind1=" " ind2=" " tag="260"><subfield code="a">New York :</subfield><subfield code="b">Lynde, Stanley &amp; Co.,</subfield><subfield code="c">1830-[1836]</subfield></datafield><datafield ind1=" " ind2=" " tag="300"><subfield code="a">6 v. ;</subfield><subfield code="c">55 cm.</subfield></datafield><datafield ind1=" " ind2=" " tag="310"><subfield code="a">Weekly</subfield></datafield><datafield ind1="0" ind2=" " tag="362"><subfield code="a">Vol. 2, no. 1 (Aug. 21, 1830)-</subfield></datafield><datafield ind1="1" ind2=" " tag="362"><subfield code="a">Ceased with: v. 7, no. 22 (Jan. 16, 1836)?</subfield></datafield><datafield ind1=" " ind2=" " tag="500"><subfield code="a">Founded by G.H. Evans, this magazine was an organ of the National Reform Association and was one of the more important of the magazines devoted to the interests of the working man. Contents included foreign and domestic news, news of elections, poetry, and advertisements. Cf. American periodicals, 1741-1900.</subfield></datafield><datafield ind1=" " ind2=" " tag="500"><subfield code="a">Several pages are creased, faded, stained, and have print show-through, with some loss of text.</subfield></datafield><datafield ind1=" " ind2=" " tag="500"><subfield code="a">"Labor."</subfield></datafield><datafield ind1=" " ind2=" " tag="500"><subfield code="a">Publishers: Lynde, Stanley &amp; Co., 1830- ; Assn. of Working Men, &lt;1831&gt;; George H. Evans &amp; William J. Stanley, 1832; George H. Evans, 1832-1836.</subfield></datafield><datafield ind1=" " ind2=" " tag="500"><subfield code="a">Published simultaneously at Rahway, N.J. and in New York City, &lt;Aug. 29, 1835&gt;.</subfield></datafield><datafield ind1=" " ind2=" " tag="515"><subfield code="a">Not published &lt;Jan. 23, 1836&gt;-Mar. 1844.</subfield></datafield><datafield ind1=" " ind2=" " tag="580"><subfield code="a">Daily eds.: New York daily sentinel (New York, N.Y. : 1830 : Daily), 1830-1833; Man (New York, N.Y. : 1834), 1834-1835.</subfield></datafield><datafield ind1=" " ind2=" " tag="580"><subfield code="a">Triweekly ed.: New-York daily sentinel (New York, N.Y. : 1829 : Triweekly).</subfield></datafield><datafield ind1=" " ind2=" " tag="533"><subfield code="a">Microfilm.</subfield><subfield code="b">Ann Arbor, Mich. :</subfield><subfield code="c">University Microfilms.</subfield><subfield code="e">2 microfilm reels ; 35 mm.</subfield><subfield code="f">(American periodical series, 1800-1850 ; 581-582).</subfield></datafield><datafield ind1=" " ind2="0" tag="651"><subfield code="a">New York (N.Y.)</subfield><subfield code="v">Newspapers.</subfield></datafield><datafield ind1=" " ind2="0" tag="651"><subfield code="a">New York County (N.Y.)</subfield><subfield code="v">Newspapers.</subfield></datafield><datafield ind1=" " ind2="0" tag="651"><subfield code="a">Rahway (N.J.)</subfield><subfield code="v">Newspapers.</subfield></datafield><datafield ind1=" " ind2="0" tag="651"><subfield code="a">Union County (N.J.)</subfield><subfield code="v">Newspapers.</subfield></datafield><datafield ind1=" " ind2="7" tag="655"><subfield code="a">Newspapers.</subfield><subfield code="2">fast</subfield><subfield code="0">(OCoLC)fst01423814</subfield></datafield><datafield ind1=" " ind2="7" tag="651"><subfield code="a">New Jersey</subfield><subfield code="z">Rahway.</subfield><subfield code="2">fast</subfield><subfield code="0">(OCoLC)fst01211894</subfield></datafield><datafield ind1=" " ind2="7" tag="651"><subfield code="a">New Jersey</subfield><subfield code="z">Union County.</subfield><subfield code="2">fast</subfield><subfield code="0">(OCoLC)fst01213397</subfield></datafield><datafield ind1=" " ind2="7" tag="651"><subfield code="a">New York (State)</subfield><subfield code="z">New York.</subfield><subfield code="2">fast</subfield><subfield code="0">(OCoLC)fst01204333</subfield></datafield><datafield ind1=" " ind2="7" tag="651"><subfield code="a">New York (State)</subfield><subfield code="z">New York County.</subfield><subfield code="2">fast</subfield><subfield code="0">(OCoLC)fst01234953</subfield></datafield><datafield ind1=" " ind2=" " tag="752"><subfield code="a">United States</subfield><subfield code="b">New York</subfield><subfield code="c">New York</subfield><subfield code="d">New York.</subfield></datafield><datafield ind1=" " ind2=" " tag="752"><subfield code="a">United States</subfield><subfield code="b">New Jersey</subfield><subfield code="c">Union</subfield><subfield code="d">Rahway.</subfield></datafield><datafield ind1="1" ind2=" " tag="775"><subfield code="t">New York daily sentinel (New York, N.Y. : 1830 : Daily)</subfield></datafield><datafield ind1="1" ind2=" " tag="775"><subfield code="t">Man (New York, N.Y. : 1834)</subfield></datafield><datafield ind1="1" ind2=" " tag="775"><subfield code="t">New-York daily sentinel (New York, N.Y. : 1829 : Triweekly)</subfield></datafield><datafield ind1="1" ind2=" " tag="776"><subfield code="c">Original</subfield><subfield code="w">(DLC)sn 83030392</subfield><subfield code="w">(OCoLC)9486075</subfield></datafield><datafield ind1="0" ind2="0" tag="780"><subfield code="t">New-York sentinel, and Working man's advocate</subfield><subfield code="w">(DLC)sf 89091896</subfield><subfield code="w">(OCoLC)10364451</subfield></datafield><datafield ind1="0" ind2="0" tag="785"><subfield code="t">Radical, in continuation of the Working man's advocate</subfield><subfield code="w">(DLC)sf 87092547</subfield><subfield code="w">(OCoLC)1641043</subfield></datafield><datafield ind1=" " ind2="0" tag="830"><subfield code="a">American periodical series, 1800-1850 ;</subfield><subfield code="v">581-582.</subfield></datafield></record>